@article{industrial-robot-growth,
  author = "Marketingový{\ }team{\ }Robotics{\ }Online",
  title = "Industrial Robot Industry Sees Exceptional Growth: 2018 Review",
  journal = "Robotics Online",
  howpublished = "online",
  note = {[online], 2018-[cit. 22.1.2019], Dostupné z: \url{https://www.robotics.org/blog-article.cfm/Industrial-Robot-Industry-Sees-Exceptional-Growth-2018-Review/131}}}


@article{amazon-hiring,
  author = "Alison Griswold",
  title = "Amazon is hiring fewer workers this holiday season, a sign that robots are replacing them",
  journal = "Quartz",
  note = {[online], 2018-[cit. 23.1.2019], Dostupné z: \url{https://qz.com/1449634/amazons-reduced-holiday-hiring-is-a-bad-sign-for-human-workers/?utm_source=reddit.com}}}


@misc{first-inspires,
  title = "For Inspiration and Recognition of Science and Technology",
  note = {[online], 2018-[cit. 23.1.2019], Dostupné z: \url{https://www.firstinspires.org/}}}

https://www.firstinspires.org/
